<record><leader>00000cas a22000007a 4500</leader><controlfield tag="001">30848454</controlfield><controlfield tag="008">940729d1873187unyuwr ne      0    0eng d</controlfield><datafield ind1=" " ind2=" " tag="010"><subfield code="a">sn 94057801 </subfield></datafield><datafield ind1=" " ind2=" " tag="040"><subfield code="a">NYS</subfield><subfield code="b">eng</subfield><subfield code="c">NYS</subfield><subfield code="d">OCLCQ</subfield><subfield code="d">OCLCF</subfield><subfield code="d">OCLCO</subfield></datafield><datafield ind1="1" ind2=" " tag="029"><subfield code="a">AU@</subfield><subfield code="b">000025906352</subfield></datafield><datafield ind1=" " ind2=" " tag="042"><subfield code="a">msc</subfield></datafield><datafield ind1=" " ind2=" " tag="043"><subfield code="a">n-us-ny</subfield></datafield><datafield ind1="0" ind2=" " tag="130"><subfield code="a">Oswego weekly times (Oswego, N.Y. : 1873)</subfield></datafield><datafield ind1="1" ind2="0" tag="245"><subfield code="a">Oswego weekly times.</subfield></datafield><datafield ind1="1" ind2="3" tag="246"><subfield code="a">Weekly times</subfield></datafield><datafield ind1=" " ind2=" " tag="260"><subfield code="a">Oswego, N.Y. :</subfield><subfield code="b">Oswego Pub. Co.,</subfield><subfield code="c">1873-</subfield></datafield><datafield ind1=" " ind2=" " tag="300"><subfield code="a">v.</subfield></datafield><datafield ind1=" " ind2=" " tag="310"><subfield code="a">Weekly</subfield></datafield><datafield ind1="0" ind2=" " tag="362"><subfield code="a">New ser. vol. 1, no. 1 (Feb. 5, 1873)-</subfield></datafield><datafield ind1=" " ind2=" " tag="500"><subfield code="a">Published on Wednesday.</subfield></datafield><datafield ind1=" " ind2=" " tag="588"><subfield code="a">Latest issue consulted: New ser. vol. 2, no. 25 (July 22, 1874).</subfield></datafield><datafield ind1=" " ind2="0" tag="651"><subfield code="a">Oswego (N.Y.)</subfield><subfield code="v">Newspapers.</subfield></datafield><datafield ind1=" " ind2="0" tag="651"><subfield code="a">Oswego County (N.Y.)</subfield><subfield code="v">Newspapers.</subfield></datafield><datafield ind1=" " ind2="7" tag="655"><subfield code="a">Newspapers.</subfield><subfield code="2">fast</subfield><subfield code="0">(OCoLC)fst01423814</subfield></datafield><datafield ind1=" " ind2="7" tag="651"><subfield code="a">New York (State)</subfield><subfield code="z">Oswego.</subfield><subfield code="2">fast</subfield><subfield code="0">(OCoLC)fst01212851</subfield></datafield><datafield ind1=" " ind2="7" tag="651"><subfield code="a">New York (State)</subfield><subfield code="z">Oswego County.</subfield><subfield code="2">fast</subfield><subfield code="0">(OCoLC)fst01208853</subfield></datafield><datafield ind1=" " ind2=" " tag="752"><subfield code="a">United States</subfield><subfield code="b">New York</subfield><subfield code="c">Oswego</subfield><subfield code="d">Oswego.</subfield></datafield><datafield ind1="0" ind2=" " tag="775"><subfield code="t">Oswego daily times (Oswego, N.Y. : 1873)</subfield><subfield code="w">(DLC)sn 83031418</subfield><subfield code="w">(OCoLC)9880061</subfield></datafield><datafield ind1="0" ind2="0" tag="780"><subfield code="t">Oswego weekly commercial advertiser</subfield><subfield code="w">(DLC)sn 93063638</subfield><subfield code="w">(OCoLC)28371338</subfield></datafield><datafield ind1="0" ind2="0" tag="785"><subfield code="t">Oswego times (Oswego, N.Y.)</subfield><subfield code="w">(DLC)sn 93063725</subfield><subfield code="w">(OCoLC)29601941</subfield></datafield></record>